@book{lipton08,
  author        = {Lipton, Mary S. and Pasa-Tolic ,  Ljiljana},
  editor        = {},
  title         = {Mass Spectrometry of Proteins and Peptides: Methods and Protocols},
  publisher     = {Humman Press},
  year          = {2008},
}

@article{larranaga08,
    author = {Rubén Arma\~{n}anzas and I\~{n}aki Inza and Roberto Santana and Yvan Saeys and Jose Luis Flores and Jose Antonio Lozano and Yves Van De Peer and Rosa Blanco and Víctor Robles and Concha Bielza and Pedro Larra\~{n}aga},
    title = {A review of estimation of distribution algorithms in bioinformatics},
    year = {2008},
    journal = {BioData Mining}

}

@techreport{baluja94,
 author = {Baluja, Shummet},
 title = {Population-Based Incremental Learning: A Method for Integrating Genetic Search Based Function Optimization and Competitive Learning},
 year = {1994},
 publisher = {Carnegie Mellon University},
 address = {Pittsburgh, PA, USA},
 institution ={Carnegie Mellon University Pittsburgh, PA, USA}
} 
@inproceedings{baluja95,
    author = {Shumeet Baluja and R. Caruana},
   title = {Removing the Genetics from the Standard Genetic Algorithm},
   booktitle = {The Proceedings of the 12th Annual Conference on Machine Learning},
   pages = {38 - 46},
   year = {1995},
    publisher = {Morgan Kaufmann Publishers}
}
@article {vapnik02,
   author = {Chapelle, Olivier and Vapnik, Vladimir and Bousquet, Olivier and Mukherjee, Sayan},
   title = {Choosing Multiple Parameters for Support Vector Machines},
   journal = {Machine Learning},
   publisher = {Springer Netherlands},
   issn = {0885-6125},
   keyword = {Computer Science},
   pages = {131-159},
   volume = {46},
   issue = {1},
   url = {http://dx.doi.org/10.1023/A:1012450327387},
   note = {10.1023/A:1012450327387},
   year = {2002}
}
@article {vapnik95,
   author = {Cortes, Corinna and Vapnik, Vladimir},
   title = {Support-vector networks},
   journal = {Machine Learning},
   publisher = {Springer Netherlands},
   issn = {0885-6125},
   keyword = {Computer Science},
   pages = {273-297},
   volume = {20},
   issue = {3},
   url = {http://dx.doi.org/10.1007/BF00994018},
   note = {10.1007/BF00994018},
   year = {1995}
}
@book{cristianini04,
 author = {Shawe-Taylor, John and Cristianini, Nello},
 title = {Kernel Methods for Pattern Analysis},
 year = {2004},
 isbn = {0521813972},
 publisher = {Cambridge University Press},
 address = {New York, NY, USA},
} 

@article{guyon03,
 author = {Guyon, Isabelle and Elisseeff, Andr\'{e}},
 title = {An introduction to variable and feature selection},
 journal = {Machine Learning},
 volume = {3},
 month = {March},
 year = {2003},
 issn = {1532-4435},
 pages = {1157--1182},
 numpages = {26},
 url = {http://portal.acm.org/citation.cfm?id=944919.944968},
 acmid = {944968},
 publisher = {JMLR.org},
} 

@incollection {eiben07,
   author = {Eiben, A. and Michalewicz, Zbigniew and Schoenauer, M. and Smith, J.},
   affiliation = {Free University Amsterdam The Netherlands The Netherlands},
   title = {Parameter Control in Evolutionary Algorithms},
   booktitle = {Parameter Setting in Evolutionary Algorithms},
   series = {Studies in Computational Intelligence},
   editor = {Lobo, Fernando and Lima, Cláudio and Michalewicz, Zbigniew},
   publisher = {Springer Berlin / Heidelberg},
   isbn = {},
   pages = {19-46},
   volume = {54},
   url = {http://dx.doi.org/10.1007/978-3-540-69432-8_2},
   note = {10.1007/978-3-540-69432-8_2},
   year = {2007}
}

@INPROCEEDINGS{larranaga00,
    author = {Pedro Larra\~{n}aga and Ramon Etxeberria and Jose A. Lozano and Jose M. Pe\~{n}a},
    title = {Combinatorial optimization by learning and simulation of Bayesian networks},
    booktitle = {Proceedings of the Sixteenth Conference on Uncertainty in Artificial Intelligence},
    year = {2000},
    pages = {343--352},
    publisher = {Morgan Kaufmann}
}

@article{freund99,
 author = {Freund, Yoav and Schapire, Robert E.},
 title = {Large Margin Classification Using the Perceptron Algorithm},
 journal = {Machine Learning},
 volume = {37},
 issue = {3},
 month = {December},
 year = {1999},
 issn = {0885-6125},
 pages = {277--296},
 numpages = {20},
 url = {http://portal.acm.org/citation.cfm?id=337859.337869},
 doi = {10.1023/A:1007662407062},
 acmid = {337869},
 publisher = {Kluwer Academic Publishers},
 address = {Hingham, MA, USA},
} 

@book{Goldberg89,
 author = {Goldberg, David E.},
 title = {Genetic Algorithms in Search, Optimization and Machine Learning},
 year = {1989},
 isbn = {0201157675},
 edition = {1st},
 publisher = {Addison-Wesley Longman Publishing Co., Inc.},
 address = {Boston, MA, USA},
} 

@INPROCEEDINGS{Harik98,
    author = {Georges Harik and Fernando G. Lobo and David E. Goldberg},
    title = {The Compact Genetic Algorithm},
    booktitle = {IEEE Transactions on Evolutionary Computation},
    year = {1998},
    pages = {523--528},
    publisher = {}
}
@article{inza00,
    author = {I\~{n}aki Inza and Marisa Merino and Pedro Larra\~{n}aga and Jorge Quiroga and Basilio Sierra and Marcos Girala},
    title = {Feature subset selection by genetic algorithms and estimation of distribution algorithms. A case study in the survival of cirrhotic patients treated with TIPS},
    year = {2000},
    journal = {BioData Mining}
}

@article{larranaga00FSS,
author = {I\~{n}aki Inza and Pedro Larra\~{n}aga and Ramon Etxeberria and Basilio Sierra},
title = {Feature Subset Selection by Bayesian network-based optimization.},
journal = {Artificial Intelligence},
pages = {157-184},
year = {2000}} 

@incollection {larranaga01,
   author = {Bengoetxea, Endika and Larra\~{n}aga, Pedro and Bloch, Isabelle and Perchant, Aymeric},
   affiliation = {University of the Basque Country Department of Computer Architecture and Technology San Sebastian Spain},
   title = {Estimation of Distribution Algorithms: A New Evolutionary Computation Approach for Graph Matching Problems},
   booktitle = {Energy Minimization Methods in Computer Vision and Pattern Recognition},
   series = {Lecture Notes in Computer Science},
   publisher = {Springer Berlin / Heidelberg},
   pages = {454-469},
   volume = {2134},
   year = {2001}
}

@article{muhlen99,
 author = {Muhlenbein, Heinz and Mahnig, Thilo and Rodriguez, Alberto Ochoa},
 title = {Schemata, Distributions and Graphical Models in Evolutionary Optimization},
 journal = {Journal of Heuristics},
 volume = {5},
 issue = {2},
 month = {July},
 year = {1999},
 issn = {1381-1231},
 pages = {215--247},
 numpages = {33},
 publisher = {Kluwer Academic Publishers},
 address = {Hingham, MA, USA},
 keywords = {additively decomposed functions, conditional independence graphs, estimation of distributions, genetic algorithm, graphical models, population based search},
} 

@incollection {muhlen96,
   author = {Muhlenbein, H. and Paag, G.},
   affiliation = {GMD - Forschungszentrum Informationstechnik 53754 Sankt Augustin Germany 53754 Sankt Augustin Germany},
   title = {From recombination of genes to the estimation of distributions: I. Binary parameters},
   booktitle = {Parallel Problem Solving from Nature — PPSN IV},
   series = {Lecture Notes in Computer Science},
   editor = {Voigt, Hans-Michael and Ebeling, Werner and Rechenberg, Ingo and Schwefel, Hans-Paul},
   publisher = {Springer Berlin / Heidelberg},
   pages = {178--187},
   volume = {1141},
   year = {1996}
}
@INPROCEEDINGS{pelikan99,
    author = {Martin Pelikan and David E. Goldberg and Erick Cantu-Paz},
    title = {BOA: The Bayesian Optimization Algorithm},
    booktitle = {Genetic and Evolutionary Computation Conference (GECCO-1999)},
    year = {1999},
    pages = {525--532},
    publisher = {Morgan Kaufmann}
}

@article{rojas08,
    author = {Rojas, Sergio AND Hsieh, Emily AND Agranoff, Dan AND Krishna, Sanjeev AND Fernandez-Reyes, Delmiro},
    journal = {PLoS ONE},
    publisher = {Public Library of Science},
    title = {Estimation of Relevant Variables on High-Dimensional Biological Patterns Using Iterated Weighted Kernel Functions},
    year = {2008},
    month = {03},
    volume = {3},
    pages = {e1806}
}
@inproceedings{rojas05,
  author        = {Sergio Rojas and Delmiro Fernandez-Reyes},
  booktitle     = {2005 IEEE Congress on Evolutionary Computation (CEC-2005)},
  title         = {Adapting Multiple Kernel Parameters for Support Vector Machines using Genetic Algorithms},
  year          = {2005}
}

@inbook{rosenblatt58,
 author = {Frank Rosenblatt},
 title = {The perceptron: a probabilistic model for information storage and organization in the brain},
 book = {Psychological Review 65(6)},
 year = {1956},
 pages = {386-–408},
 numpages = {26},
 publisher ={American Psychological Association}
 } 

@article{saeys03,
    author = {Yvan Saeys and Sven Degroeve and Dirk Aeyels and Yves Van De Peer},
    title = {Fast feature selection using a simple Estimation of Distribution Algorithm: A case study on splice site prediction},
    year = {2003},
    journal = {Bioinformatics},
    volume = {19}
}

@article{larranaga07,
 author = {Saeys, Yvan and Inza, I\~{n}aki and Larra\~{n}aga, Pedro},
 title = {A review of feature selection techniques in bioinformatics},
 journal = {Bioinformatics},
 volume = {23},
 issue = {19},
 month = {September},
 year = {2007},
 issn = {1367-4803},
 pages = {2507--2517},
 numpages = {11},
 url = {http://portal.acm.org/citation.cfm?id=1349154.1349169},
 doi = {10.1093/bioinformatics/btm344},
 acmid = {1349169},
 publisher = {Oxford University Press},
 address = {Oxford, UK},
} 

@INPROCEEDINGS{goldberg07,
    author = {Kumara Sastry and David E. Goldberg and Xavier Llora},
    title = {Towards billion bit optimization via parallel estimation of distribution algorithm},
    booktitle = {Genetic and Evolutionary Computation Conference (GECCO-2007)},
    year = {2007},
    pages = {577--584}
}
@INBOOK{heckerman99,
 author = {Heckerman, David},
 title = {A tutorial on learning with Bayesian networks},
 booktitle = {Learning in graphical models},
 year = {1999},
 isbn = {0-262-60032-3},
 pages = {301--354},
 numpages = {54},
 acmid = {308676},
 publisher = {MIT Press},
 address = {Cambridge, MA, USA}
} 

@book{cristianini00,
    author = {Cristianini, Nello and Shawe-Taylor, John},
    edition = {1},
    howpublished = {Hardcover},
    isbn = {0521780195},
    month = {March},
    publisher = {Cambridge University Press},
    title = {An introduction to support vector machines: and other kernel-based learning methods},
    year = {2000}
 }